@article{Flesher2021,
    title = {{A brain-computer interface that evokes tactile sensations improves robotic arm control}},
    year = {2021},
    journal = {Science},
    author = {Flesher, Sharlene N. and Downey, John E. and Weiss, Jeffrey M. and Hughes, Christopher L. and Herrera, Angelica J. and Tyler-Kabara, Elizabeth C. and Boninger, Michael L. and Collinger, Jennifer L. and Gaunt, Robert A.},
    number = {6544},
    volume = {372},
    doi = {10.1126/science.abd0380},
    issn = {10959203}
}

@article{Lim2021,
    title = {{A Systematic Review of Weight Perception in Virtual Reality: Techniques, Challenges, and Road Ahead}},
    year = {2021},
    journal = {IEEE Access},
    author = {Lim, Woan Ning and Yap, Kian Meng and Lee, Yunli and Wee, Chyanna and Yen, Ching Chiuan},
    volume = {9},
    doi = {10.1109/ACCESS.2021.3131525},
    issn = {21693536}
}

@article{Narciso2021,
    title = {{A systematic review on the use of immersive virtual reality to train professionals}},
    year = {2021},
    journal = {Multimedia Tools and Applications},
    author = {Narciso, David and Melo, Miguel and Rodrigues, Susana and Paulo Cunha, João and Vasconcelos-Raposo, José and Bessa, Maximino},
    number = {9},
    volume = {80},
    doi = {10.1007/s11042-020-10454-y},
    issn = {15737721}
}

@article{Carlson2016,
    title = {{An evaluation of asymmetric interfaces for bimanual virtual assembly with haptics}},
    year = {2016},
    journal = {Virtual Reality},
    author = {Carlson, Patrick and Vance, Judy M. and Berg, Meisha},
    number = {4},
    volume = {20},
    doi = {10.1007/s10055-016-0290-z},
    issn = {14349957}
}

@inproceedings{Yano2003,
    title = {{Development of a non-grounded haptic interface using the gyro effect}},
    year = {2003},
    booktitle = {Proceedings - 11th Symposium on Haptic Interfaces for Virtual Environment and Teleoperator Systems, HAPTICS 2003},
    author = {Yano, H. and Yoshie, M. and Iwata, H.},
    doi = {10.1109/HAPTIC.2003.1191223}
}

@article{Cabaret2023,
    title = {{Does Multi-Actuator Vibrotactile Feedback Within Tangible Objects Enrich VR Manipulation?}},
    year = {2023},
    journal = {IEEE Transactions on Visualization and Computer Graphics},
    author = {Cabaret, Pierre Antoine and Howard, Thomas and Gicquel, Guillaume and Pacchierotti, Claudio and Babel, Marie and Marchal, Maud},
    doi = {10.1109/TVCG.2023.3279398},
    issn = {19410506}
}

@inproceedings{Zenner2019,
    title = {{Drag: On – A virtual reality controller providing haptic feedback based on drag and weight shif}},
    year = {2019},
    booktitle = {Conference on Human Factors in Computing Systems - Proceedings},
    author = {Zenner, André and Kr{\"{u}}ger, Antonio},
    doi = {10.1145/3290605.3300441}
}

@misc{Nowak2013,
    title = {{Force control in object manipulation-A model for the study of sensorimotor control strategies}},
    year = {2013},
    booktitle = {Neuroscience and Biobehavioral Reviews},
    author = {Nowak, Dennis A. and Glasauer, Stefan and Hermsd{\"{o}}rfer, Joachim},
    number = {8},
    volume = {37},
    doi = {10.1016/j.neubiorev.2013.06.003},
    issn = {01497634}
}

@inproceedings{Choi2017,
    title = {{Grabity: A wearable haptic interface for simulating weight and grasping in virtual reality}},
    year = {2017},
    booktitle = {UIST 2017 - Proceedings of the 30th Annual ACM Symposium on User Interface Software and Technology},
    author = {Choi, Inrak and Culbertson, Heather and Miller, Mark R. and Olwal, Alex and Follmer, Sean},
    doi = {10.1145/3126594.3126599}
}

@inproceedings{Dominjon2005,
    title = {{Influence of control/display ratio on the perception of mass of manipulated objects in virtual environments}},
    year = {2005},
    booktitle = {Proceedings - IEEE Virtual Reality},
    author = {Dominjon, Lionel and L{\'{e}}cuyer, Anatole and Burkhardt, Jean Marie and Richard, Paul and Richir, Simon},
    doi = {10.1109/vr.2005.49}
}

@article{Wang2020,
    title = {{Multimodal haptic display for virtual reality: A survey}},
    year = {2020},
    journal = {IEEE Transactions on Industrial Electronics},
    author = {Wang, Dangxiao and Ohnishi, Kouhei and Xu, Weiliang},
    number = {1},
    volume = {67},
    doi = {10.1109/TIE.2019.2920602},
    issn = {15579948}
}

@inproceedings{Ratz2023,
    title = {{Physics Engine-Based Whole-Hand Haptic Rendering for Sensorimotor Neurorehabilitation}},
    year = {2023},
    booktitle = {2023 IEEE World Haptics Conference, WHC 2023 - Proceedings},
    author = {Ratz, Raphael and Marchal-Crespo, Laura},
    doi = {10.1109/WHC56415.2023.10224404}
}

@article{Gallivan2014,
    title = {{Representation of object weight in human ventral visual cortex}},
    year = {2014},
    journal = {Current Biology},
    author = {Gallivan, Jason P. and Cant, Jonathan S. and Goodale, Melvyn A. and Flanagan, J. Randall},
    number = {16},
    volume = {24},
    doi = {10.1016/j.cub.2014.06.046},
    issn = {09609822}
}

@article{Ferre2023,
    title = {{Systematic underestimation of human hand weight}},
    year = {2023},
    journal = {Current Biology},
    author = {Ferr{\`{e}}, Elisa R. and Joel, Jonathan and Cadete, Denise and Longo, Matthew R.},
    number = {14},
    volume = {33},
    doi = {10.1016/j.cub.2023.05.041},
    issn = {18790445}
}

@article{Rodriguez2024,
    title = {{Tactile Weight Rendering: A Review for Researchers and Developers}},
    year = {2024},
    author = {Mart{\'{i}}n-Rodr{\'{i}}guez, Rubén and Ratschat, Alexandre L. and Marchal-Crespo, Laura and Vardar, Yasemin},
    month = {2},
    url = {https://arxiv.org/pdf/2402.13120.pdf},
    arxivId = {2402.13120}
}

@inproceedings{MacLean1996HapticEnvironments,
    title = {{'Haptic camera': a technique for characterizing and playing back haptic properties of real environments}},
    year = {1996},
    booktitle = {American Society of Mechanical Engineers, Dynamic Systems and Control Division (Publication) DSC},
    author = {MacLean, Karon E.},
    pages = {459--467},
    volume = {58}
}

@inproceedings{MacLean1996HapticEnvironmentsb,
    title = {{'Haptic camera': a technique for characterizing and playing back haptic properties of real environments}},
    year = {1996},
    booktitle = {American Society of Mechanical Engineers, Dynamic Systems and Control Division (Publication) DSC},
    author = {MacLean, Karon E.},
    pages = {459--467},
    volume = {58}
}

@book{201313th2013,
    title = {{13th International Conference on Systems Simulation, AsiaSim 2013}},
    year = {2013},
    booktitle = {Communications in Computer and Information Science},
    pages = {},
    volume = {402},
    isbn = {9783642450365}
}

@book{201313th2013b,
    title = {{13th International Conference on Systems Simulation, AsiaSim 2013}},
    year = {2013},
    booktitle = {Communications in Computer and Information Science},
    pages = {},
    volume = {402},
    isbn = {9783642450365}
}

@book{201420142014,
    title = {{2014 2nd International Conference on Mechatronics, Robotics and Automation, ICMRA 2014}},
    year = {2014},
    booktitle = {Applied Mechanics and Materials},
    pages = {},
    volume = {536-537},
    isbn = {9783038350781}
}

@book{201420142014b,
    title = {{2014 2nd International Conference on Mechatronics, Robotics and Automation, ICMRA 2014}},
    year = {2014},
    booktitle = {Applied Mechanics and Materials},
    pages = {},
    volume = {536-537},
    isbn = {9783038350781}
}

@book{MahdiNabiyouni201520153DUI.,
    title = {{2015 IEEE Symposium on 3D User Interfaces (3DUI).}},
    year = {2015},
    author = {{Mahdi Nabiyouni} and {Ayshwarya Saktheeswaran} and {Doug A. Bowman} and {Ambika Karanth}},
    publisher = {IEEE},
    isbn = {9781467368865}
}

@inproceedings{200137th2001,
    title = {{37th Joint Propulsion Conference and Exhibit 2001}},
    year = {2001},
    booktitle = {37th Joint Propulsion Conference and Exhibit},
    pages = {}
}

@book{20116th2011,
    title = {{6th International Conference on Foundations of Augmented Cognition, FAC 2011, held as part of the 14th International Conference on Human-Computer Interaction, HCI International 2011}},
    year = {2011},
    booktitle = {Lecture Notes in Computer Science (including subseries Lecture Notes in Artificial Intelligence and Lecture Notes in Bioinformatics)},
    pages = {},
    volume = {6780 LNAI},
    isbn = {9783642218514}
}

@book{20116th2011b,
    title = {{6th International Conference on Foundations of Augmented Cognition, FAC 2011, held as part of the 14th International Conference on Human-Computer Interaction, HCI International 2011}},
    year = {2011},
    booktitle = {Lecture Notes in Computer Science (including subseries Lecture Notes in Artificial Intelligence and Lecture Notes in Bioinformatics)},
    pages = {},
    volume = {6780 LNAI},
    isbn = {9783642218514}
}

@article{Gibbs2022AReality,
    title = {{A comparison of the effects of haptic and visual feedback on presence in virtual reality}},
    year = {2022},
    journal = {International Journal of Human Computer Studies},
    author = {Gibbs, Janet K. and Gillies, Marco and Pan, Xueni},
    volume = {157},
    doi = {10.1016/j.ijhcs.2021.102717},
    issn = {10959300}
}

@inproceedings{Farias2021AGame,
    title = {{A motor rehabilitation's motion range assessment with low-cost virtual reality serious game}},
    year = {2021},
    booktitle = {2020 IEEE International Conference on E-Health Networking, Application and Services, HEALTHCOM 2020},
    author = {Farias, D.L. and De Souza, R.F. and Nardi, P.A. and Damasceno, E.F.},
    pages = {},
    isbn = {9781728162676},
    doi = {10.1109/HEALTHCOM49281.2021.9399030}
}

@inproceedings{Apostolou2022AReality,
    title = {{A Systematic Review: The Role of Multisensory Feedback in Virtual Reality}},
    year = {2022},
    booktitle = {Proceedings - 2022 IEEE 2nd International Conference on Intelligent Reality, ICIR 2022},
    author = {Apostolou, Kalliopi and Liarokapis, Fotis},
    doi = {10.1109/ICIR55739.2022.00024}
}

@inproceedings{Sun2019AcceleratingSystem,
    title = {{Accelerating the validation of motion control for a 4WD4WS ground vehicle using a hierarchical controller hardware-in-the-loop system}},
    year = {2019},
    booktitle = {IEEE International Conference on Robotics and Biomimetics, ROBIO 2019},
    author = {Sun, H. and Li, H. and Li, Y. and Song, Z. and Xu, K.},
    pages = {2396--2401},
    isbn = {9781728163215},
    doi = {10.1109/ROBIO49542.2019.8961761}
}

@book{Cheung2011AcquisitionSimulator,
    title = {{Acquisition of technical skills in ultrasound-guided regional anesthesia using a high-fidelity simulator}},
    year = {2011},
    booktitle = {Studies in Health Technology and Informatics},
    author = {Cheung, J.J.H. and Chen, E.W. and Al-Allaq, Y. and Nikravan, N. and McCartney, C.J.L. and Dubrowski, A. and Awad, I.T.},
    pages = {119--124},
    volume = {163},
    isbn = {9781607507055},
    doi = {10.3233/978-1-60750-706-2-119}
}

@article{Vaghela2021ActiveRealistic,
    title = {{Active vs passive haptic feedback technology in virtual reality arthroscopy simulation: Which is most realistic?}},
    year = {2021},
    journal = {Journal of Clinical Orthopaedics and Trauma},
    author = {Vaghela, K.R. and Trockels, A. and Carobene, M.},
    pages = {249--256},
    volume = {16},
    doi = {10.1016/j.jcot.2021.02.014}
}

@article{Ricci2022ADRIS:Abilities,
    title = {{ADRIS: The new open-source accessible driving simulator for training and evaluation of driving abilities}},
    year = {2022},
    journal = {Computer Methods and Programs in Biomedicine},
    author = {Ricci, S. and Gandolfi, F. and Marchesi, G. and Bellitto, A. and Basteris, A. and Canessa, A. and Massone, A. and Casadio, M.},
    pages = {},
    volume = {221},
    doi = {10.1016/j.cmpb.2022.106857}
}

@article{Xu2021AnActuators,
    title = {{An electromyogram-based tapping gesture model with differentiated vibration feedback by low-fidelity actuators}},
    year = {2021},
    journal = {Virtual Reality},
    author = {Xu, P. and Wu, Z. and Wang, X. and Fu, Y. and He, Y.},
    number = {2},
    pages = {383--397},
    volume = {25},
    doi = {10.1007/s10055-020-00458-2}
}

@book{Armstrong2016AnPart-task,
    title = {{An examination of metrics for a simulated ventriculostomy part-task}},
    year = {2016},
    booktitle = {Studies in Health Technology and Informatics},
    author = {Armstrong, R. and Noltie, D. and Eagleson, R. and De Ribaupierre, S.},
    pages = {29--32},
    volume = {220},
    isbn = {9781614996248},
    doi = {10.3233/978-1-61499-625-5-29}
}

@inproceedings{DeSouza2019AnalysisMotora,
    title = {{Analysis of low-cost virtual and augmented reality technology in case of motor rehabilitation | An{\'{a}}lise da Tecnologia de Realidade Virtual e Aumentada de Baixo Custo em Caso de Reabilita{\c{c}}{\~{a}}o Motora}},
    year = {2019},
    booktitle = {Proceedings - 2019 21st Symposium on Virtual and Augmented Reality, SVR 2019},
    author = {De Souza, R.F. and Farias, D.L. and Da Rosa, R.C.L.F. and Damasceno, E.F.},
    pages = {161--164},
    isbn = {9781728154343},
    doi = {10.1109/SVR.2019.00039}
}

@inproceedings{Sekar2022AssessmentEvaluation,
    title = {{Assessment of Driving Simulators for Use in Longitudinal Vehicle Dynamics Evaluation}},
    year = {2022},
    booktitle = {SAE Technical Papers},
    author = {Sekar, R. and Jacome, O. and Chrstos, J. and Stockar, S.},
    pages = {},
    doi = {10.4271/2022-01-0533}
}

@book{Pedowitz2016AsymmetryGame,
    title = {{Asymmetry in dominant/non-dominant hand performance differentiates novices from experts on an arthroscopy virtual reality serious game}},
    year = {2016},
    booktitle = {Studies in Health Technology and Informatics},
    author = {Pedowitz, R. and Nicandri, G. and Tuchschmid, S.},
    pages = {289--294},
    volume = {220},
    isbn = {9781614996248},
    doi = {10.3233/978-1-61499-625-5-289}
}

@article{Grant2020AudiohapticTask,
    title = {{Audiohaptic feedback enhances motor performance in a low-fidelity simulated drilling task}},
    year = {2020},
    journal = {Brain Sciences},
    author = {Grant, B.L. and Yielder, P.C. and Patrick, T.A. and Kapralos, B. and Williams-bell, M. and Murphy, B.A.},
    number = {1},
    pages = {},
    volume = {10},
    doi = {10.3390/brainsci10010021}
}

@inproceedings{Zhou2023AugmentedDisassembly,
    title = {{Augmented Reality-Based Interactive Teaching System for Motor Disassembly}},
    year = {2023},
    booktitle = {ICSIMA 2023 - 9th IEEE International Conference on Smart Instrumentation, Measurement and Applications},
    author = {Zhou, H. and Li, J. and Cai, C. and Zhang, B. and Li, X.},
    pages = {308--313},
    isbn = {9798350343380},
    doi = {10.1109/ICSIMA59853.2023.10373532}
}

@article{Yu2017AugmentedInteraction,
    title = {{Augmented virtual stiffness rendering of a cable-driven SEA for human-robot interaction}},
    year = {2017},
    journal = {IEEE/CAA Journal of Automatica Sinica},
    author = {Yu, N. and Zou, W. and Tan, W. and Yang, Z.},
    number = {4},
    pages = {714--723},
    volume = {4},
    doi = {10.1109/JAS.2017.7510637}
}

@article{Konig2014BatteryControl,
    title = {{Battery emulation for power-HIL using local model networks and robust impedance control}},
    year = {2014},
    journal = {IEEE Transactions on Industrial Electronics},
    author = {K{\"{o}}nig, O. and Hametner, C. and Prochart, G. and Jakubek, S.},
    number = {2},
    pages = {943--955},
    volume = {61},
    doi = {10.1109/TIE.2013.2253070}
}

@article{Scherer2009Brain-computerParadigms,
    title = {{Brain-computer interface research at the university of washington:0020Eeg- and ecog-based paradigms}},
    year = {2009},
    journal = {Journal of Cyber Therapy and Rehabilitation},
    author = {Scherer, R. and Darvas, F. and Ojemann, J.G. and Matsuoka, Y. and Rao, R.P.N.},
    number = {4},
    pages = {289--298},
    volume = {2}
}

@article{Padilha2019ClinicalTrial,
    title = {{Clinical virtual simulation in nursing education: Randomized controlled trial}},
    year = {2019},
    journal = {Journal of Medical Internet Research},
    author = {Padilha, J.M. and Machado, P.P. and Ribeiro, A. and Ramos, J. and Costa, P.},
    number = {3},
    pages = {},
    volume = {21},
    doi = {10.2196/11529}
}

@inproceedings{Nathanael2010CognitiveOffsetting,
    title = {{Cognitive task analysis for virtual reality training: The case of CNC tool offsetting}},
    year = {2010},
    booktitle = {ECCE 2010 - European Conference on Cognitive Ergonomics 2010: The 28th Annual Conference of the European Association of Cognitive Ergonomics},
    author = {Nathanael, D. and Vosniakos, G.-C. and Mosialos, S.},
    pages = {241--244},
    isbn = {9789490818043},
    doi = {10.1145/1962300.1962350}
}

@inproceedings{Eck2014ComprehensiveReality,
    title = {{Comprehensive workspace calibration for visuo-haptic augmented reality}},
    year = {2014},
    booktitle = {ISMAR 2014 - IEEE International Symposium on Mixed and Augmented Reality - Science and Technology 2014, Proceedings},
    author = {Eck, U. and Pankratz, F. and Sandor, C. and Klinker, G. and Laga, H.},
    pages = {123--128},
    isbn = {9781479961849},
    doi = {10.1109/ISMAR.2014.6948417}
}

@book{Correa-Agudelo2016ComputerStroke,
    title = {{Computer imagery and neurological rehabilitation: On the use of augmented reality in sensorimotor training to step up naturally occurring cortical reorganization in patients following stroke}},
    year = {2016},
    booktitle = {Studies in Health Technology and Informatics},
    author = {Correa-Agudelo, E. and Ferrin, C. and Velez, P. and Gomez, J.D.},
    pages = {71--76},
    volume = {220},
    isbn = {9781614996248},
    doi = {10.3233/978-1-61499-625-5-71}
}

@article{Odermatt2021CongruencyReality,
    title = {{Congruency of Information Rather Than Body Ownership Enhances Motor Performance in Highly Embodied Virtual Reality}},
    year = {2021},
    journal = {Frontiers in Neuroscience},
    author = {Odermatt, Ingrid A. and Buetler, Karin A. and Wenk, Nicolas and {\"{O}}zen, Özhan and Penalver-Andres, Joaquin and Nef, Tobias and Mast, Fred W. and Marchal-Crespo, Laura},
    volume = {15},
    doi = {10.3389/fnins.2021.678909},
    issn = {1662453X}
}

@inproceedings{Russo1992ControllingDevices,
    title = {{Controlling dissipative magnetic particle brakes in force reflective devices}},
    year = {1992},
    booktitle = {American Society of Mechanical Engineers, Dynamic Systems and Control Division (Publication) DSC},
    author = {Russo, Massimo and Tadros, Alfred},
    pages = {63--70},
    volume = {42},
    isbn = {0791811077}
}

@inproceedings{Russo1992ControllingDevicesb,
    title = {{Controlling dissipative magnetic particle brakes in force reflective devices}},
    year = {1992},
    booktitle = {American Society of Mechanical Engineers, Dynamic Systems and Control Division (Publication) DSC},
    author = {Russo, Massimo and Tadros, Alfred},
    pages = {63--70},
    volume = {42},
    isbn = {0791811077}
}

@article{Ha-Van2020DesignTraining,
    title = {{Design and Characterization of an Actuated Drill Mockup for Orthopedic Surgical Training}},
    year = {2020},
    journal = {IEEE Transactions on Haptics},
    author = {Ha-Van, Q. and Schwendinger, H. and Kim, Y. and Harders, M.},
    number = {4},
    pages = {655--667},
    volume = {13},
    doi = {10.1109/TOH.2020.2966608}
}

@inproceedings{Arvani2014DesignEnvironments,
    title = {{Design and development of an engineering drilling simulator and application for offshore drilling for MODUs and deepwater environments}},
    year = {2014},
    booktitle = {Society of Petroleum Engineers - SPE Deepwater Drilling and Completions Conference 2014},
    author = {Arvani, F. and Sarker, M.M. and Rideout, D.G. and Butt, S.D.},
    pages = {417--433},
    isbn = {9781634394161},
    doi = {10.2118/170301-ms}
}

@article{Breimer2015DesignVentriculostomy,
    title = {{Design and evaluation of a new synthetic brain simulator for endoscopic third ventriculostomy}},
    year = {2015},
    journal = {Journal of Neurosurgery: Pediatrics},
    author = {Breimer, G.E. and Bodani, V. and Looi, T. and Drake, J.M.},
    number = {1},
    pages = {82--88},
    volume = {15},
    doi = {10.3171/2014.9.PEDS1447}
}

@inproceedings{Weir2005DesignDisplay,
    title = {{Design and performance of a high fidelity, low mass, linear haptic display}},
    year = {2005},
    booktitle = {Proceedings - 1st Joint Eurohaptics Conference and Symposium on Haptic Interfaces for Virtual Environment and Teleoperator Systems; World Haptics Conference, WHC 2005},
    author = {Weir, D.W. and Peshkin, M.A. and Colgate, J.E. and Buttolo, P.},
    pages = {177--182},
    isbn = {9780769523101},
    doi = {10.1109/WHC.2005.30}
}

@article{Chuan2023DesignAnaesthesia,
    title = {{Design and validation of a virtual reality trainer for ultrasound-guided regional anaesthesia}},
    year = {2023},
    journal = {Anaesthesia},
    author = {Chuan, A. and Qian, J. and Bogdanovych, A. and Kumar, A. and McKendrick, M. and McLeod, G.},
    number = {6},
    pages = {739--746},
    volume = {78},
    doi = {10.1111/anae.16015}
}

@inproceedings{Manoharan2012DesignAnaesthesiologists,
    title = {{Design and validation of an epidural needle insertion simulator with haptic feedback for training resident anaesthesiologists}},
    year = {2012},
    booktitle = {Haptics Symposium 2012, HAPTICS 2012 - Proceedings},
    author = {Manoharan, V. and Van Gerwen, D. and Van Den Dobbelsteen, J.J. and Dankelman, J.},
    pages = {341--348},
    isbn = {9781467308090},
    doi = {10.1109/HAPTIC.2012.6183812}
}

@inproceedings{Sizlayan2019DesignPaddle,
    title = {{Design of Programmable, High-Fidelity Haptic Paddle}},
    year = {2019},
    booktitle = {Proceedings 2019 International Aegean Conference on Electrical Machines and Power Electronics, ACEMP 2019 and 2019 International Conference on Optimization of Electrical and Electronic Equipment, OPTIM 2019},
    author = {Sizlayan, S.Y. and Ankarali, M.M.},
    pages = {540--546},
    isbn = {9781538676875},
    doi = {10.1109/ACEMP-OPTIM44294.2019.9007129}
}

@inproceedings{Fleming2009DevelopmentConcept,
    title = {{Development and Implementation of a 25 kVA Virtual Machine Test Bed Utilizing the Power-Hardware-in-the-Loop Concept}},
    year = {2009},
    booktitle = {Grand Challenges in Modeling and Simulation Symposium 2009, GCMS 2009 - Part of the 2009 Summer Simulation Multiconference, SummerSim 2009},
    author = {Fleming, F. and Edrington, C.S. and Steurer, M. and Vodyakho, O.},
    pages = {136--141},
    isbn = {9781622763610}
}

@inproceedings{Fleming2009DevelopmentConceptb,
    title = {{Development and Implementation of a 25 kVA Virtual Machine Test Bed Utilizing the Power-Hardware-in-the-Loop Concept}},
    year = {2009},
    booktitle = {Grand Challenges in Modeling and Simulation Symposium 2009, GCMS 2009 - Part of the 2009 Summer Simulation Multiconference, SummerSim 2009},
    author = {Fleming, F. and Edrington, C.S. and Steurer, M. and Vodyakho, O.},
    pages = {136--141},
    isbn = {9781622763610}
}

@inproceedings{Fleming2009DevelopmentConceptc,
    title = {{Development and implementation of a 25 kW virtual induction machine test bed utilizing the power-hardware-in-the-loop concept}},
    year = {2009},
    booktitle = {2009 IEEE International Electric Machines and Drives Conference, IEMDC '09},
    author = {Fleming, F. and Edrington, C.S. and Steurer, M. and Vodyakho, O.},
    pages = {1161--1166},
    isbn = {9781424442522},
    doi = {10.1109/IEMDC.2009.5075350}
}

@inproceedings{Courtay2018DevelopmentPrototyping,
    title = {{Development of a PMSM Traction Drive System for PHEV, HEV, EV using Virtual Prototyping}},
    year = {2018},
    booktitle = {2018 IEEE Transportation and Electrification Conference and Expo, ITEC 2018},
    author = {Courtay, A. and Kelly, B.},
    pages = {114--118},
    isbn = {9781538630488},
    doi = {10.1109/ITEC.2018.8449955}
}

@inproceedings{Qiu2020DevelopmentMotors,
    title = {{Development of Model-in-The-Loop Environment for Permanent Magnet Synchronous Motors}},
    year = {2020},
    booktitle = {SAE Technical Papers},
    author = {Qiu, J. and Wang, Z. and Zheng, L. and Cao, C. and Fu, Z.},
    number = {2020},
    pages = {},
    doi = {10.4271/2020-01-5189}
}

@article{Maciel2008DevelopmentTrainer,
    title = {{Development of the VBLaST™ : A virtual basic laparoscopic skill trainer}},
    year = {2008},
    journal = {International Journal of Medical Robotics and Computer Assisted Surgery},
    author = {Maciel, A. and Liu, Y. and Ahn, W. and Singh, T.P. and Dunnican, W. and De, S.},
    number = {2},
    pages = {131--138},
    volume = {4},
    doi = {10.1002/rcs.185}
}

@article{Freyre-Santiago2022DifferencesVirtual,
    title = {{Differences between gynecologists and medical residents in basic motor skills of an exercise module of a virtual simulation system | Diferencias entre ginec{\'{o}}logos y residentes en habilidades motoras b{\'{a}}sicas de un m{\'{o}}dulo de ejercicios de un sistema virtual}},
    year = {2022},
    journal = {Ginecologia y Obstetricia de Mexico},
    author = {Freyre-Santiago, J.M. and Pedraza-Gonz{\'{a}}lez, L.A. and L{\'{o}}pez-Jurado, J.C. and del Pilar Figueroa-G{\'{o}}mez Crespo, M. and Garc{\'{i}}a-Villase{\~{n}}or, A.},
    number = {9},
    pages = {735--746},
    volume = {90},
    doi = {10.24245/gom.v90i9.7754}
}

@article{Al-Saud2017DrillingPerformance,
    title = {{Drilling into the functional significance of stereopsis: the impact of stereoscopic information on surgical performance}},
    year = {2017},
    journal = {Ophthalmic and Physiological Optics},
    author = {Al-Saud, L.M. and Mushtaq, F. and Mirghani, I. and Balkhoyor, A. and Keeling, A. and Manogue, M. and Mon-Williams, M.A.},
    number = {4},
    pages = {498--506},
    volume = {37},
    doi = {10.1111/opo.12393}
}

@inproceedings{Ryge2017EffectSimulation,
    title = {{Effect on high versus low fidelity haptic feedback in a virtual reality baseball simulation}},
    year = {2017},
    booktitle = {Proceedings - IEEE Virtual Reality},
    author = {Ryge, Andreas and Thomsen, Lui and Berthelsen, Theis and Hvass, Jonatan S. and Koreska, Lars and Vollmers, Casper and Nilsson, Niels C. and Nordahl, Rolf and Serafin, Stefania},
    doi = {10.1109/VR.2017.7892328}
}

@article{Liao2023EffectiveNovices,
    title = {{Effective Skill Transfer From Fundamentals of Arthroscopic Surgery Training to Shoulder Arthroscopic Simulator in Novices}},
    year = {2023},
    journal = {Surgical Innovation},
    author = {Liao, R. and Yang, Y. and Li, W. and Li, Z. and Li, X. and Xiong, W. and Lin, C. and Xiao, Y. and Tian, J.},
    number = {1},
    pages = {103--108},
    volume = {30},
    doi = {10.1177/15533506221104379}
}

@article{Roberts2019EffectivenessReview,
    title = {{Effectiveness of high fidelity simulation versus low fidelity simulation on practical/clinical skill development in pre-registration physiotherapy students: A systematic review}},
    year = {2019},
    journal = {JBI Database of Systematic Reviews and Implementation Reports},
    author = {Roberts, F. and Cooper, K.},
    number = {6},
    pages = {1229--1255},
    volume = {17},
    doi = {10.11124/JBISRIR-2017-003931}
}

@article{Zhou2023EmbodiedExample,
    title = {{Embodied Robot Teleoperation Based on High-Fidelity Visual-Haptic Simulator: Pipe-Fitting Example}},
    year = {2023},
    journal = {Journal of Construction Engineering and Management},
    author = {Zhou, T. and Xia, P. and Ye, Y. and Du, J.},
    number = {12},
    pages = {},
    volume = {149},
    doi = {10.1061/JCEMD4.COENG-13916}
}

@misc{Slater2016EnhancingReality,
    title = {{Enhancing our lives with immersive virtual reality}},
    year = {2016},
    booktitle = {Frontiers Robotics AI},
    author = {Slater, Mel and Sanchez-Vives, Maria V.},
    number = {DEC},
    volume = {3},
    doi = {10.3389/frobt.2016.00074},
    issn = {22969144}
}

@article{Fery2001EnhancingTraining,
    title = {{Enhancing the control of force in putting by video game training}},
    year = {2001},
    journal = {Ergonomics},
    author = {Fery, Y.-A. and Ponserre, S.},
    number = {12},
    pages = {1025--1037},
    volume = {44},
    doi = {10.1080/00140130110084773}
}

@article{Bhargava2018EvaluatingSimulations,
    title = {{Evaluating multiple levels of an interaction fidelity continuum on performance and learning in near-field training simulations}},
    year = {2018},
    journal = {IEEE Transactions on Visualization and Computer Graphics},
    author = {Bhargava, A. and Bertrand, J.W. and Gramopadhye, A.K. and Madathil, K.C. and Babu, S.V.},
    number = {4},
    pages = {1418--1427},
    volume = {24},
    doi = {10.1109/TVCG.2018.2794639}
}

@article{Saricilar2021EvaluationReview,
    title = {{Evaluation of tools to assess operative competence in endovascular procedures: a systematic review}},
    year = {2021},
    journal = {ANZ Journal of Surgery},
    author = {Saricilar, E.C. and Freeman, A. and Burgess, A.},
    number = {9},
    pages = {1682--1695},
    volume = {91},
    doi = {10.1111/ans.16653}
}

@inproceedings{Samur2011ExperimentalSimulation,
    title = {{Experimental evaluation of a haptic interface for endoscopic simulation}},
    year = {2011},
    booktitle = {2011 IEEE World Haptics Conference, WHC 2011},
    author = {Samur, E. and Flaction, L. and Bleuler, H.},
    pages = {545--549},
    isbn = {9781457702976},
    doi = {10.1109/WHC.2011.5945544}
}

@article{Wang2006ExperimentalSystem,
    title = {{Experimental evaluation of haptic enabled interactive motor skill training system}},
    year = {2006},
    journal = {Xitong Fangzhen Xuebao / Journal of System Simulation},
    author = {Wang, D.-X. and Zhang, Y.-R. and Yao, C.},
    number = {SUPPL. 2},
    pages = {},
    volume = {18}
}

@article{Wang2006ExperimentalSystemb,
    title = {{Experimental evaluation of haptic enabled interactive motor skill training system}},
    year = {2006},
    journal = {Xitong Fangzhen Xuebao / Journal of System Simulation},
    author = {Wang, D.-X. and Zhang, Y.-R. and Yao, C.},
    number = {SUPPL. 2},
    pages = {},
    volume = {18}
}

@inproceedings{Tatzgern2021ExploringReality,
    title = {{Exploring input approximations for control panels in virtual reality}},
    year = {2021},
    booktitle = {Proceedings - 2021 IEEE Conference on Virtual Reality and 3D User Interfaces, VR 2021},
    author = {Tatzgern, M. and Birgmann, C.},
    pages = {661--669},
    isbn = {9780738125565},
    doi = {10.1109/VR50410.2021.00092}
}

@article{Harris2021ExploringSimulator,
    title = {{Exploring sensorimotor performance and user experience within a virtual reality golf putting simulator}},
    year = {2021},
    journal = {Virtual Reality},
    author = {Harris, David J. and Buckingham, Gavin and Wilson, Mark R. and Brookes, Jack and Mushtaq, Faisal and Mon-Williams, Mark and Vine, Samuel J.},
    number = {3},
    volume = {25},
    doi = {10.1007/s10055-020-00480-4},
    issn = {14349957}
}

@article{Dzardanova2024ExploringReality,
    title = {{Exploring the impact of non‐verbal cues on user experience in immersive virtual reality}},
    year = {2024},
    journal = {Computer Animation and Virtual Worlds},
    author = {Dzardanova, Elena and Nikolakopoulou, Vasiliki and Kasapakis, Vlasios and Vosinakis, Spyros and Xenakis, Ioannis and Gavalas, Damianos},
    number = {1},
    month = {1},
    volume = {35},
    doi = {10.1002/cav.2224},
    issn = {1546-4261}
}

@article{Baldi2019FaultObservers,
    title = {{Fault diagnosis for satellite sensors and actuators using nonlinear geometric approach and adaptive observers}},
    year = {2019},
    journal = {International Journal of Robust and Nonlinear Control},
    author = {Baldi, P. and Blanke, M. and Castaldi, P. and Mimmo, N. and Simani, S.},
    number = {16},
    pages = {5429--5455},
    volume = {29},
    doi = {10.1002/rnc.4083}
}

@misc{Sanchez-Vives2005FromReality,
    title = {{From presence to consciousness through virtual reality}},
    year = {2005},
    booktitle = {Nature Reviews Neuroscience},
    author = {Sanchez-Vives, Maria V. and Slater, Mel},
    number = {4},
    volume = {6},
    doi = {10.1038/nrn1651},
    issn = {1471003X}
}

@article{Cychosz2018FundamentalsTrainees,
    title = {{Fundamentals of Arthroscopic Surgery Training Program Improves Knee Arthroscopy Simulator Performance in Arthroscopic Trainees}},
    year = {2018},
    journal = {Arthroscopy - Journal of Arthroscopic and Related Surgery},
    author = {Cychosz, C.C. and Tofte, J.N. and Johnson, A. and Gao, Y. and Phisitkul, P.},
    number = {5},
    pages = {1543--1549},
    volume = {34},
    doi = {10.1016/j.arthro.2017.11.028}
}

@article{Fiorino2003G-ForceCan,
    title = {{G-Force in a Can}},
    year = {2003},
    journal = {Aviation Week and Space Technology (New York)},
    author = {Fiorino, F.},
    number = {22},
    pages = {70--71},
    volume = {159}
}

@article{Fiorino2003G-ForceCanb,
    title = {{G-Force in a Can}},
    year = {2003},
    journal = {Aviation Week and Space Technology (New York)},
    author = {Fiorino, F.},
    number = {22},
    pages = {70--71},
    volume = {159}
}

@inproceedings{Menon2013HapticRepresentation,
    title = {{Haptic fMRI: Combining functional neuroimaging with haptics for studying the brain's motor control representation}},
    year = {2013},
    booktitle = {Proceedings of the Annual International Conference of the IEEE Engineering in Medicine and Biology Society, EMBS},
    author = {Menon, S. and Brantner, G. and Aholt, C. and Kay, K. and Khatib, O.},
    pages = {4137--4142},
    isbn = {9781457702167},
    doi = {10.1109/EMBC.2013.6610456}
}

@book{Shamsunder2008HapticCurve,
    title = {{Haptic guided laparoscopy simulation improves learning curve}},
    year = {2008},
    booktitle = {Studies in Health Technology and Informatics},
    author = {Shamsunder, S.C. and Manivannan, M.},
    pages = {454--456},
    volume = {132},
    isbn = {9781586038229}
}

@book{Shamsunder2008HapticCurveb,
    title = {{Haptic guided laparoscopy simulation improves learning curve}},
    year = {2008},
    booktitle = {Studies in Health Technology and Informatics},
    author = {Shamsunder, S.C. and Manivannan, M.},
    pages = {454--456},
    volume = {132},
    isbn = {9781586038229}
}

@article{Dai2011HapticActuator,
    title = {{Haptic interaction device based on active/passive hybrid actuator}},
    year = {2011},
    journal = {Shenyang Gongye Daxue Xuebao/Journal of Shenyang University of Technology},
    author = {Dai, J.-Q. and Wang, A.-M. and Song, A.-G. and Zhang, X.-R.},
    number = {6},
    pages = {686--690},
    volume = {33}
}

@article{Wang2009HapticSystem,
    title = {{Haptic rendering for dental training system}},
    year = {2009},
    journal = {Science in China, Series F: Information Sciences},
    author = {Wang, D. and Zhang, Y. and Wang, Y. and L{\"{u}}, P. and Zhou, R. and Zhou, W.},
    number = {3},
    pages = {529--546},
    volume = {52},
    doi = {10.1007/s11432-009-0062-4}
}

@inproceedings{Wildenbeest2013HapticTelemanipulation,
    title = {{Haptic transparency increases the generalizability of motor learning during telemanipulation}},
    year = {2013},
    booktitle = {2013 World Haptics Conference, WHC 2013},
    author = {Wildenbeest, Jeroen G.W. and Abbink, David A. and Schorsch, Jack F.},
    doi = {10.1109/WHC.2013.6548495}
}

@article{Lee2017ImprovingSimulation,
    title = {{Improving Rhinology Skills with Simulation}},
    year = {2017},
    journal = {Otolaryngologic Clinics of North America},
    author = {Lee, A.Y. and Fried, M.P. and Gibber, M.},
    number = {5},
    pages = {893--901},
    volume = {50},
    doi = {10.1016/j.otc.2017.05.002}
}

@inproceedings{He2022IN-HOUSEINTERFACE,
    title = {{IN-HOUSE BUILT ROBUST AND ADAPTABLE SYSTEM ARCHITECTURE FOR VIRTUAL REALITY HAPTIC INTERFACE}},
    year = {2022},
    booktitle = {ASME International Mechanical Engineering Congress and Exposition, Proceedings (IMECE)},
    author = {He, A.-C. and Herron, C.W. and Kalita, B. and Leonessa, A.},
    pages = {},
    volume = {5},
    isbn = {9780791886670},
    doi = {10.1115/IMECE2022-95054}
}

@article{Hao2021IntegratedApplication,
    title = {{Integrated BIM and VR to implement IPD mode in transportation infrastructure projects: System design and case application}},
    year = {2021},
    journal = {PLoS ONE},
    author = {Hao, Z. and Zhang, W. and Zhao, Y.},
    number = {11 Novembe},
    pages = {},
    volume = {16},
    doi = {10.1371/journal.pone.0259046}
}

@article{Jin2024IntegratedVehicles,
    title = {{Integrated robust control of path following and lateral stability for autonomous in-wheel-motor-driven electric vehicles}},
    year = {2024},
    journal = {Proceedings of the Institution of Mechanical Engineers, Part D: Journal of Automobile Engineering},
    author = {Jin, X. and Wang, Q. and Yan, Z. and Yang, H. and Yin, G.},
    pages = {},
    doi = {10.1177/09544070241227266}
}

@article{Weigl2016Intra-operativeProcedure,
    title = {{Intra-operative disruptions, surgeon’s mental workload, and technical performance in a full-scale simulated procedure}},
    year = {2016},
    journal = {Surgical Endoscopy},
    author = {Weigl, M. and Stefan, P. and Abhari, K. and Wucherer, P. and Fallavollita, P. and Lazarovici, M. and Weidert, S. and Euler, E. and Catchpole, K.},
    number = {2},
    pages = {559--566},
    volume = {30},
    doi = {10.1007/s00464-015-4239-1}
}

@article{Kaber2012InvestigatingLatency,
    title = {{Investigating human performance in a virtual reality haptic simulator as influenced by fidelity and system latency}},
    year = {2012},
    journal = {IEEE Transactions on Systems, Man, and Cybernetics Part A:Systems and Humans},
    author = {Kaber, D.B. and Li, Y. and Clamann, M. and Lee, Y.-S.},
    number = {6},
    pages = {1562--1566},
    volume = {42},
    doi = {10.1109/TSMCA.2012.2201466}
}

@inproceedings{Miihlegg2015L1Degradation,
    title = {{L1 fault tolerant adaptive control of a hexacopter with control degradation}},
    year = {2015},
    booktitle = {2015 IEEE Conference on Control and Applications, CCA 2015 - Proceedings},
    author = {Miihlegg, M. and Niermeyer, P. and Falconi, G.P. and Holzapfel, F.},
    pages = {750--755},
    isbn = {9781479977871},
    doi = {10.1109/CCA.2015.7320707}
}

@article{Hybinette2002LatencyComputations,
    title = {{Latency hiding with optimistic computations}},
    year = {2002},
    journal = {Journal of Parallel and Distributed Computing},
    author = {Hybinette, M. and Fujimoto, R.M.},
    number = {3},
    pages = {427--445},
    volume = {62},
    doi = {10.1006/jpdc.2001.1801}
}

@misc{Levac2019LearningReview,
    title = {{Learning and transfer of complex motor skills in virtual reality: A perspective review}},
    year = {2019},
    booktitle = {Journal of NeuroEngineering and Rehabilitation},
    author = {Levac, Danielle E. and Huber, Meghan E. and Sternad, Dagmar},
    number = {1},
    volume = {16},
    doi = {10.1186/s12984-019-0587-8},
    issn = {17430003}
}

@inproceedings{Wright2009ManualRehabilitation,
    title = {{Manual motor control during "virtual" self-motion: Implications for VR rehabilitation}},
    year = {2009},
    booktitle = {2009 Virtual Rehabilitation International Conference, VR 2009},
    author = {Wright, W.G. and Schneider, E.},
    pages = {166--172},
    isbn = {9781424441891},
    doi = {10.1109/ICVR.2009.5174226}
}

@inproceedings{Bashir2023MINDTwinAI,
    title = {{MINDTwin AI: Multiphysics Informed Digital-Twin for Fault Localization in Induction Motor Using AI}},
    year = {2023},
    booktitle = {Proceedings of the 8th International Conference on Big Data, Knowledge and Control Systems Engineering, BdKCSE 2023},
    author = {Bashir, A. and Mohsin, M.A. and Jazib, M. and Iqbal, H.},
    pages = {},
    isbn = {9798350313246},
    doi = {10.1109/BdKCSE59280.2023.10339747}
}

@inproceedings{Guardabascio2022Model-BasedTwin,
    title = {{Model-Based Control Development Using Real-Time 1D Thermal Management in Co-Simulation for High Performance BEV Digital Twin}},
    year = {2022},
    booktitle = {SAE Technical Papers},
    author = {Guardabascio, V. and Pesce, M. and Magistrali, S. and Marcigliano, F. and Fonti, G. and Valesano, F. and Dimitrakopoulos, P. and Framke, N.-H. and Papadimitriou, I.},
    number = {2022},
    pages = {},
    doi = {10.4271/2022-01-0200}
}

@inproceedings{Li2019ModelingRotation,
    title = {{Modeling and Precision Motion Control of Dexterous Object In-Hand Rotation}},
    year = {2019},
    booktitle = {Proceedings - 2019 IEEE International Conference on Mechatronics, ICM 2019},
    author = {Li, J. and Lu, L. and Wang, C.},
    pages = {199--204},
    isbn = {9781538669594},
    doi = {10.1109/ICMECH.2019.8722903}
}

@article{Wang2013MotionSaturations,
    title = {{Motion control of four-wheel independently actuated electric ground vehicles considering tire force saturations}},
    year = {2013},
    journal = {Mathematical Problems in Engineering},
    author = {Wang, R. and Karimi, H.R. and Chen, N. and Yin, G. and Wang, J.},
    pages = {},
    volume = {2013},
    doi = {10.1155/2013/819302}
}

@inproceedings{Plank2022MultiVehicles,
    title = {{Multi Body Dynamics Modeling of Launch Shudder in Electric Vehicles}},
    year = {2022},
    booktitle = {SAE Technical Papers},
    author = {Plank, D. and Hong, H.-J. and Gehringer, M. and Hill, W.},
    pages = {},
    doi = {10.4271/2022-01-0308}
}

@article{Heinrich2021MyScenario,
    title = {{My hands? Importance of personalised virtual hands in a neurorehabilitation scenario}},
    year = {2021},
    journal = {Virtual Reality},
    author = {Heinrich, C. and Cook, M. and Langlotz, T. and Regenbrecht, H.},
    number = {2},
    pages = {313--330},
    volume = {25},
    doi = {10.1007/s10055-020-00456-4}
}

@inproceedings{Chin2013Objectivenotes,
    title = {{Objective performance measures using motion sensors on an endoscopic tool for evaluating skills in natural orifice translumenal endoscopic surgery (notes)}},
    year = {2013},
    booktitle = {Studies in Health Technology and Informatics},
    author = {Chin, L.I. and Sankaranarayanan, G. and Dargar, S. and Matthes, K. and De, S.},
    pages = {78--84},
    volume = {184},
    doi = {10.3233/978-1-61499-209-7-78}
}

@book{Nemani2016ObjectiveSpectroscopy,
    title = {{Objective surgical skill differentiation for physical and virtual surgical trainers via functional near-infrared spectroscopy}},
    year = {2016},
    booktitle = {Studies in Health Technology and Informatics},
    author = {Nemani, A. and Ahn, W. and Gee, D. and Intes, X. and Schwaitzberg, S. and Yucel, M. and De, S.},
    pages = {256--261},
    volume = {220},
    isbn = {9781614996248},
    doi = {10.3233/978-1-61499-625-5-256}
}

@article{Montella2010PerceptualIntersections,
    title = {{Perceptual measures to influence operating speeds and reduce crashes at rural intersections}},
    year = {2010},
    journal = {Transportation Research Record},
    author = {Montella, A. and Aria, M. and D'Ambrosio, A. and Galante, F. and Mauriello, F. and Pernetti, M.},
    number = {2149},
    pages = {11--20},
    doi = {10.3141/2149-02}
}

@article{Oagaz2022PerformanceReality,
    title = {{Performance Improvement and Skill Transfer in Table Tennis Through Training in Virtual Reality}},
    year = {2022},
    journal = {IEEE Transactions on Visualization and Computer Graphics},
    author = {Oagaz, Hawkar and Schoun, Breawn and Choi, Min Hyung},
    number = {12},
    volume = {28},
    doi = {10.1109/TVCG.2021.3086403},
    issn = {19410506}
}

@techreport{Caird1996PersistentTraining,
    title = {{Persistent Issues in the Application of Virtual Environment Systems to Training}},
    year = {1996},
    author = {Caird, J K},
    month = {8},
    institution = {IEEE},
    address = {Dayton, OH, USA}
}

@article{Rizzetta2008Plasma-basedTurbines,
    title = {{Plasma-based flow-control strategies for transitional highly loaded low-pressure turbines}},
    year = {2008},
    journal = {Journal of Fluids Engineering, Transactions of the ASME},
    author = {Rizzetta, D.P. and Visbal, M.R.},
    number = {4},
    pages = {0411041--04110412},
    volume = {130},
    doi = {10.1115/1.2903816}
}

@article{Eck2015PreciseReality,
    title = {{Precise Haptic Device Co-Location for Visuo-Haptic Augmented Reality}},
    year = {2015},
    journal = {IEEE Transactions on Visualization and Computer Graphics},
    author = {Eck, U. and Pankratz, F. and Sandor, C. and Klinker, G. and Laga, H.},
    number = {12},
    pages = {1427--1441},
    volume = {21},
    doi = {10.1109/TVCG.2015.2480087}
}

@article{Wong2008Primer:Assessed,
    title = {{Primer: Cognitive motor learning for teaching surgical skill-how are surgical skills taught and assessed?}},
    year = {2008},
    journal = {Nature Clinical Practice Urology},
    author = {Wong, J.A. and Matsumoto, E.D.},
    number = {1},
    pages = {47--54},
    volume = {5},
    doi = {10.1038/ncpuro0991}
}

@article{Eslahpazir2014PrincipalEvaluation,
    title = {{Principal considerations for the contemporary high-fidelity endovascular simulator design used in training and evaluation}},
    year = {2014},
    journal = {Journal of Vascular Surgery},
    author = {Eslahpazir, B.A. and Goldstone, J. and Allemang, M.T. and Wang, J.C. and Kashyap, V.S.},
    number = {4},
    pages = {1154--1162},
    volume = {59},
    doi = {10.1016/j.jvs.2013.11.074}
}

@inproceedings{2009Proceedings2009,
    title = {{Proceedings - 3rd Joint EuroHaptics Conference and Symposium on Haptic Interfaces for Virtual Environment and Teleoperator Systems, World Haptics 2009}},
    year = {2009},
    booktitle = {Proceedings - 3rd Joint EuroHaptics Conference and Symposium on Haptic Interfaces for Virtual Environment and Teleoperator Systems, World Haptics 2009},
    pages = {},
    isbn = {9781424438587}
}

@inproceedings{2009Proceedings2009b,
    title = {{Proceedings - 3rd Joint EuroHaptics Conference and Symposium on Haptic Interfaces for Virtual Environment and Teleoperator Systems, World Haptics 2009}},
    year = {2009},
    booktitle = {Proceedings - 3rd Joint EuroHaptics Conference and Symposium on Haptic Interfaces for Virtual Environment and Teleoperator Systems, World Haptics 2009},
    pages = {},
    isbn = {9781424438587}
}

@article{Sui2017Real-timeSurgery,
    title = {{Real-time simulation of soft tissue deformation and electrocautery procedures in laparoscopic rectal cancer radical surgery}},
    year = {2017},
    journal = {International Journal of Medical Robotics and Computer Assisted Surgery},
    author = {Sui, Y. and Pan, J.J. and Qin, H. and Liu, H. and Lu, Y.},
    number = {4},
    pages = {},
    volume = {13},
    doi = {10.1002/rcs.1827}
}

@article{Tsumaki2000RealizationInterface,
    title = {{Realization of a high-fidelity virtual world with a 6 d.o.f. haptic interface}},
    year = {2000},
    journal = {Advanced Robotics},
    author = {Tsumaki, Y. and Kinami, M. and Uchiyama, M.},
    number = {5},
    pages = {367--369},
    volume = {14},
    doi = {10.1163/156855300741645}
}

@article{Hong2020RealizationSet,
    title = {{Realization of High Fidelity Power-Hardware-in-the-Loop Capability Using a MW-Scale Motor-Generator Set}},
    year = {2020},
    journal = {IEEE Transactions on Industrial Electronics},
    author = {Hong, Q. and Abdulhadi, I. and Tzelepis, D. and Roscoe, A. and Marshall, B. and Booth, C.},
    number = {8},
    pages = {6835--6844},
    volume = {67},
    doi = {10.1109/TIE.2019.2937038}
}

@book{Ning2022RethinkingCOVID-19,
    title = {{Rethinking Audio-Haptic Perceptual Immersion from In-Person to Remote Testing During COVID-19}},
    year = {2022},
    booktitle = {Lecture Notes in Networks and Systems},
    author = {Ning, G. and Daggett, Q. and Perivolaris, A. and Kapralos, B. and Quevedo, A. and Collins, K. and Kanev, K. and Dubrowski, A.},
    pages = {102--110},
    volume = {411 LNNS},
    isbn = {9783030962951},
    doi = {10.1007/978-3-030-96296-8{\_}10}
}

@article{Ye2023Robot-AssistedTraining,
    title = {{Robot-Assisted Immersive Kinematic Experience Transfer for Welding Training}},
    year = {2023},
    journal = {Journal of Computing in Civil Engineering},
    author = {Ye, Y. and Zhou, T. and Du, J.},
    number = {2},
    pages = {},
    volume = {37},
    doi = {10.1061/JCCEE5.CPENG-5138}
}

@article{Gatica-Videla2021Self-confidenceSimulada,
    title = {{Self-confidence of nursing technician students from a simulated clinical experience | Autoconfianza de los estudiantes de t{\'{e}}cnico en enfermer{\'{i}}a a partir de una experiencia cl{\'{i}}nica simulada}},
    year = {2021},
    journal = {Formacion Universitaria},
    author = {Gatica-Videla, C.P. and Ilufi-Aguilera, I.N. and Fuentealba-Cruz, M.I.},
    number = {5},
    pages = {155--162},
    volume = {14},
    doi = {10.4067/S0718-50062021000500155}
}

@inproceedings{Padovani2015SimulationApplications,
    title = {{Simulation and analysis of non-hybrid displacement-controlled hydraulic propulsion systems suitable for railway applications}},
    year = {2015},
    booktitle = {ASME/BATH 2015 Symposium on Fluid Power and Motion Control, FPMC 2015},
    author = {Padovani, D. and Ivantysynova, M.},
    pages = {},
    isbn = {9780791857236},
    doi = {10.1115/FPMC2015-9509}
}

@inproceedings{Wang2011StabilityWheels,
    title = {{Stability control of electric vehicles with four independently actuated wheels}},
    year = {2011},
    booktitle = {Proceedings of the IEEE Conference on Decision and Control},
    author = {Wang, R. and Wang, J.},
    pages = {2511--2516},
    isbn = {9781612848006},
    doi = {10.1109/CDC.2011.6160472}
}

@inproceedings{Jisheng2008StabilityInterface,
    title = {{Stability control of haptic interface}},
    year = {2008},
    booktitle = {ASME International Mechanical Engineering Congress and Exposition, Proceedings},
    author = {Jisheng, Z. and Tomovic, M.M. and Jiting, L. and Yuru, Z.},
    pages = {1731--1736},
    volume = {9 PART C},
    isbn = {9780791843031},
    doi = {10.1115/IMECE2007-41601}
}

@article{Katzourakis2011SteeringExperiments,
    title = {{Steering force feedback for humanmachine-interface automotive experiments}},
    year = {2011},
    journal = {IEEE Transactions on Instrumentation and Measurement},
    author = {Katzourakis, D.I. and Abbink, D.A. and Happee, R. and Holweg, E.},
    number = {1},
    pages = {32--43},
    volume = {60},
    doi = {10.1109/TIM.2010.2065550}
}

@article{Draper1998Telepresence,
    title = {{Telepresence}},
    year = {1998},
    journal = {Human Factors: The Journal of the Human Factors and Ergonomics Society},
    author = {Draper, John V. and Kaber, David B. and Usher, John M.},
    number = {3},
    month = {9},
    pages = {354--375},
    volume = {40},
    doi = {10.1518/001872098779591386},
    issn = {0018-7208}
}

@article{Yang2023TheSimulation,
    title = {{The effects of physical fidelity and task repetition on perceived task load and performance in the virtual reality-based training simulation}},
    year = {2023},
    journal = {British Journal of Educational Technology},
    author = {Yang, E. and Park, S. and Ryu, J.},
    pages = {},
    doi = {10.1111/bjet.13406}
}

@article{Aeckersberg2019TheTraining,
    title = {{The relevance of low-fidelity virtual reality simulators compared with other learning methods in basic endovascular skills training}},
    year = {2019},
    journal = {Journal of Vascular Surgery},
    author = {Aeckersberg, G. and Gkremoutis, A. and Schmitz-Rixen, T. and Kaiser, E.},
    number = {1},
    pages = {227--235},
    volume = {69},
    doi = {10.1016/j.jvs.2018.10.047}
}

@misc{Kilteni2012TheReality,
    title = {{The Sense of Embodiment in virtual reality}},
    year = {2012},
    booktitle = {Presence: Teleoperators and Virtual Environments},
    author = {Kilteni, Konstantina and Groten, Raphaela and Slater, Mel},
    number = {4},
    pages = {373--387},
    volume = {21},
    publisher = {MIT Press Journals},
    doi = {10.1162/PRES{\_}a{\_}00124},
    issn = {15313263}
}

@article{Waller1998TheTraining,
    title = {{The transfer of spatial knowledge in virtual environment training}},
    year = {1998},
    journal = {Presence: Teleoperators and Virtual Environments},
    author = {Waller, David and Hunt, Earl and Knapp, David},
    number = {2},
    volume = {7},
    doi = {10.1162/105474698565631},
    issn = {10547460}
}

@article{Mori2012TheValley,
    title = {{The uncanny valley}},
    year = {2012},
    journal = {IEEE Robotics and Automation Magazine},
    author = {Mori, Masahiro and MacDorman, Karl F. and Kageki, Norri},
    number = {2},
    volume = {19},
    doi = {10.1109/MRA.2012.2192811},
    issn = {10709932}
}

@inproceedings{Batts2015TowardRobots,
    title = {{Toward a virtual neuromuscular control for robust walking in bipedal robots}},
    year = {2015},
    booktitle = {IEEE International Conference on Intelligent Robots and Systems},
    author = {Batts, Z. and Song, S. and Geyer, H.},
    pages = {6318--6323},
    volume = {2015-Decem},
    isbn = {9781479999941},
    doi = {10.1109/IROS.2015.7354279}
}

@article{Wu2023TrainingReality,
    title = {{Training mental imagery skills of elite athletes in virtual reality}},
    year = {2023},
    journal = {Frontiers in Virtual Reality},
    author = {Wu, Y. and Lukosch, S. and Lukosch, H. and Lindeman, R.W. and McKee, R.D. and Fukuden, S. and Ross, C. and Collins, D.},
    pages = {},
    volume = {4},
    doi = {10.3389/frvir.2023.1189717}
}

@article{Rauter2013TransferRowing,
    title = {{Transfer of complex skill learning from virtual to real rowing}},
    year = {2013},
    journal = {PLoS ONE},
    author = {Rauter, G. and Sigrist, R. and Koch, C. and Crivelli, F. and Van Raai, M. and Riener, R. and Wolf, P.},
    number = {12},
    pages = {},
    volume = {8},
    doi = {10.1371/journal.pone.0082145}
}

@article{Nakao2017VirtualSystem,
    title = {{Virtual FMEA and Its Application to Software Verification of Electric Power Steering System}},
    year = {2017},
    journal = {SAE Technical Papers},
    author = {Nakao, S. and Hyodo, A. and Itabashi, M. and Sakashita, T. and Obara, S. and Uno, T. and Sugure, Y. and Fukano, Y. and Sasaki, M. and Miyazaki, Y.},
    number = {March},
    pages = {},
    volume = {2017-March},
    doi = {10.4271/2017-01-0066}
}

@article{Phatak2016VirtualSimulation,
    title = {{Virtual Multi-ECU High Fidelity Automotive System Simulation}},
    year = {2016},
    journal = {SAE Technical Papers},
    author = {Phatak, S.S. and Chen, H. and Xiao, Y. and Wang, C. and McCune, D. and Schliecker, S. and Sebastian, M. and Reyes, V. and Balland, D.},
    number = {April},
    pages = {},
    volume = {2016-April},
    doi = {10.4271/2016-01-0013}
}

@article{Slough2014VirtualOptimization,
    title = {{Virtual prototyping of electric drive systems for system-level parameter studies and optimization}},
    year = {2014},
    journal = {SAE Technical Papers},
    author = {Slough, S. and Goossens, P. and Schwarz, C. and Dao, T.-S.},
    pages = {},
    volume = {1},
    doi = {10.4271/2014-01-1876}
}

@article{Lele2013VirtualUtility,
    title = {{Virtual reality and its military utility}},
    year = {2013},
    journal = {Journal of Ambient Intelligence and Humanized Computing},
    author = {Lele, Ajey},
    number = {1},
    volume = {4},
    doi = {10.1007/s12652-011-0052-4},
    issn = {18685145}
}

@article{Qi2021VirtualScenario,
    title = {{Virtual reality operating room with AI guidance: design and validation of a fire scenario}},
    year = {2021},
    journal = {Surgical Endoscopy},
    author = {Qi, Di and Ryason, Adam and Milef, Nicholas and Alfred, Samuel and Abu-Nuwar, Mohamad Rassoul and Kappus, Mojdeh and De, Suvranu and Jones, Daniel B.},
    number = {2},
    volume = {35},
    doi = {10.1007/s00464-020-07447-1},
    issn = {14322218}
}

@article{Cosman2002VirtualSkills,
    title = {{Virtual reality simulators: Current status in acquisition and assessment of surgical skills}},
    year = {2002},
    journal = {ANZ Journal of Surgery},
    author = {Cosman, P.H. and Cregan, P.C. and Martin, C.J. and Cartmill, J.A.},
    number = {1},
    pages = {30--34},
    volume = {72},
    doi = {10.1046/j.1445-2197.2002.02293.x}
}

@article{Pasetto2020VisualLearning,
    title = {{Visual and Kinaesthetic Instructional Cues and Deaf People's Motor Learning}},
    year = {2020},
    journal = {International Journal of Instruction},
    author = {Pasetto, Silmara Cristina and Barreiros, João Manuel Pardal and Corr{\^{e}}a, Umberto Cesar and Freudenheim, Andrea Michele},
    number = {1},
    volume = {14},
    doi = {10.29333/IJI.2021.14110A},
    issn = {13081470}
}

@book{Kwon2007WillInterfaces,
    title = {{Will haptics technology be used in mobile devices?: A historical review of haptics technology and its potential applications in multi-modal interfaces}},
    year = {2007},
    booktitle = {Lecture Notes in Computer Science (including subseries Lecture Notes in Artificial Intelligence and Lecture Notes in Bioinformatics)},
    author = {Kwon, D.-S.},
    pages = {9--10},
    volume = {4813 LNCS},
    isbn = {9783540767015},
    doi = {10.1007/978-3-540-76702-2{\_}2}
}